@book{buttazzo2011hard,
  title={Hard Real-Time Computing Systems: Predictable Scheduling Algorithms and Applications},
  author={Buttazzo, G.C.},
  isbn={9781461406761},
  lccn={2011937234},
  series={Real-Time Systems Series},
  url={https://books.google.nl/books?id=h6q-e4Q\_rzgC},
  year={2011},
  publisher={Springer US}
}

@manual{bcm:2835peripherals,
    organization = "Broadcom",
    title        = "BCM2835 ARM Peripherals",
    year         = 2012,
    month        = 2,
    url          = "http://www.raspberrypi.org/wp-content/uploads/2012/02/BCM2835-ARM-Peripherals.pdf"
}

@manual{arm:arm,
    organization = "ARM Limited",
    title        = "ARM Architecture Reference Manual",
    year         = 2005,
    month        = 7,
    note         = "ARMv6",
    url          = "https://www.scss.tcd.ie/~waldroj/3d1/arm_arm.pdf"
}

@manual{micrium:ucosmanual,
    organization = "Micrium, Inc.",
    title        = "\ucosiii The Real-Time Kernel User Manual",
    url          = "https://imgf.lt/968.pdf"
}

@online{micrium:nxplpc,
    organization = "Micrium, Inc.",
    title        = "Source for the NXP LPC2923 port of \textmu C-OS/III",
    url          = "https://www.micrium.com/download/micrium_x3-lpc2923_ucos-iii/"
}

@online{bcm:2835errata,
    organization = "Embedded Linux Wiki",
    title        = "BCM2835 datasheet errata",
    url          = "https://elinux.org/BCM2835_datasheet_errata"
}

@thesis{sfd:realpi,
    author       = "Samuel F. Delaney",
    title        = "RealPi - A Real Time Operating System on the Raspberry Pi",
    year         = 2018,
    month        = 12,
    institution  = "University of Nevada, Reno"
}

@online{arm:embeddedmarketshare,
    title = "Embedded segment market update",
    year  = 2015,
    month = 7,
    organization = "ARM Limited",
    url = "https://www.arm.com/zh/files/event/1_2015_ARM_Embedded_Seminar_Richard_York.pdf"
}

@article{macworld:multifinder,
    title = "The Finder Evolves",
    year  = 1987,
    month = 9,
    pages = 12,
    journaltitle = "MacWorld",
    url = {https://archive.org/stream/MacWorld_8709_September_1987#page/n13/mode/2up}
}

@manual{rpi:uart,
    title = "The Raspberry Pi UARTs",
    year  = 2020,
    month = 02,
    url = {https://www.raspberrypi.org/documentation/configuration/uart.md},
    organization = "Raspberry Pi Foundation"
}

@manual{rpi:gpuclockpower,
    title = "Frequency management and thermal control",
    year  = 2020,
    month = 01,
    url = {https://www.raspberrypi.org/documentation/hardware/raspberrypi/frequency-management.md},
    organization = "Raspberry Pi Foundation"
}

@online{rpi:opensourcevpu,
    title = "Tools and information for the Broadcom VideoCore IV",
    author = "Herman Hermitage",
    url = {https://github.com/hermanhermitage/videocoreiv}
}

@misc{rpi:bootforum,
    title = "Raspberry Pi boot process",
    date = {2012-05-27},
    url = {https://www.raspberrypi.org/forums/viewtopic.php?f=63&t=6685}

}

@book{osconcepts,
    title = "Operating System Concepts",
    author = "Abraham Silberschatz and Peter Baer Galvin and Greg Gagne",
    edition = 9,
    year = 2013,
    isbn = "978-1-118-06333-0",
    publisher = "John Wiley \& Sons, Inc."
}
